/home/nick/Zotero/better-bibtex/my-library.bib